%YAML 1.1
%TAG !u! tag:unity3d.com,2011:
--- !u!114 &-7772775049498782216
MonoBehaviour:
  m_ObjectHideFlags: 1
  m_CorrespondingSourceObject: {fileID: 0}
  m_PrefabInstance: {fileID: 0}
  m_PrefabAsset: {fileID: 0}
  m_GameObject: {fileID: 0}
  m_Enabled: 1
  m_EditorHideFlags: 0
  m_Script: {fileID: 11500000, guid: 017e2c7fd038ecb46b317c1e003f31dc, type: 3}
  m_Name: d
  m_EditorClassIdentifier: 
  body: {fileID: 3713673872304949757}
  direction: 1
  maxConnectionCount: 0
  styleID: Float
  _connections:
  - {fileID: -1935281837421297994}
  side: 4
  sidePosition: 103
  sideOffset: 0
--- !u!114 &-7676861919590133447
MonoBehaviour:
  m_ObjectHideFlags: 1
  m_CorrespondingSourceObject: {fileID: 0}
  m_PrefabInstance: {fileID: 0}
  m_PrefabAsset: {fileID: 0}
  m_GameObject: {fileID: 0}
  m_Enabled: 1
  m_EditorHideFlags: 0
  m_Script: {fileID: 11500000, guid: 017e2c7fd038ecb46b317c1e003f31dc, type: 3}
  m_Name: a
  m_EditorClassIdentifier: 
  body: {fileID: -4793109677742701980}
  direction: 1
  maxConnectionCount: 0
  styleID: Float
  _connections: []
  side: 4
  sidePosition: 103
  sideOffset: 0
--- !u!114 &-5181318647316710993
MonoBehaviour:
  m_ObjectHideFlags: 1
  m_CorrespondingSourceObject: {fileID: 0}
  m_PrefabInstance: {fileID: 0}
  m_PrefabAsset: {fileID: 0}
  m_GameObject: {fileID: 0}
  m_Enabled: 1
  m_EditorHideFlags: 0
  m_Script: {fileID: 11500000, guid: f6ab6487237ff124ea4c2aa5de9ce3fb, type: 3}
  m_Name: MainEditorState
  m_EditorClassIdentifier: 
  canvas: {fileID: 0}
  parentEditor: {fileID: 0}
  selectedNode: {fileID: 0}
  panOffset: {x: -363.60004, y: -108.2}
  zoom: 0.6
--- !u!114 &-4793109677742701980
MonoBehaviour:
  m_ObjectHideFlags: 1
  m_CorrespondingSourceObject: {fileID: 0}
  m_PrefabInstance: {fileID: 0}
  m_PrefabAsset: {fileID: 0}
  m_GameObject: {fileID: 0}
  m_Enabled: 1
  m_EditorHideFlags: 0
  m_Script: {fileID: 11500000, guid: 5aa6fbb4e9c15c8439dc8a72d04446d1, type: 3}
  m_Name: compressore
  m_EditorClassIdentifier: 
  canvas: {fileID: 0}
  position: {x: -63.600006, y: -171.99998}
  dynamicConnectionPorts:
  - {fileID: -7676861919590133447}
  - {fileID: -1935281837421297994}
  - {fileID: 4081050445299469186}
  backgroundColor: {r: 0.5, g: 0.5, b: 0.5, a: 1}
  mainColor: {r: 1, g: 1, b: 1, a: 1}
  parameters:
  - Name: a
    Type: 0
    Description: 
    DefaultValue: 0
    Value: 0
    UnitOfMeasure: 
    ChemicalComposition: 
    PhysicalState: 
  - Name: b
    Type: 1
    Description: 
    DefaultValue: 0
    Value: 0
    UnitOfMeasure: 
    ChemicalComposition: 
    PhysicalState: 
  - Name: c
    Type: 2
    Description: 
    DefaultValue: 0
    Value: 0
    UnitOfMeasure: 
    ChemicalComposition: 
    PhysicalState: 
  FilePath: D:/Unity Projects/nodelabvr/Assets/CurSession/Nodecompressore.txt
  nodeColor: {r: 1, g: 1, b: 1, a: 1}
  selectedIcon: 0
--- !u!114 &-2368058516341371035
MonoBehaviour:
  m_ObjectHideFlags: 1
  m_CorrespondingSourceObject: {fileID: 0}
  m_PrefabInstance: {fileID: 0}
  m_PrefabAsset: {fileID: 0}
  m_GameObject: {fileID: 0}
  m_Enabled: 1
  m_EditorHideFlags: 0
  m_Script: {fileID: 11500000, guid: 017e2c7fd038ecb46b317c1e003f31dc, type: 3}
  m_Name: e
  m_EditorClassIdentifier: 
  body: {fileID: 3713673872304949757}
  direction: 1
  maxConnectionCount: 0
  styleID: Float
  _connections:
  - {fileID: -1935281837421297994}
  side: 4
  sidePosition: 125
  sideOffset: 0
--- !u!114 &-1935281837421297994
MonoBehaviour:
  m_ObjectHideFlags: 1
  m_CorrespondingSourceObject: {fileID: 0}
  m_PrefabInstance: {fileID: 0}
  m_PrefabAsset: {fileID: 0}
  m_GameObject: {fileID: 0}
  m_Enabled: 1
  m_EditorHideFlags: 0
  m_Script: {fileID: 11500000, guid: 017e2c7fd038ecb46b317c1e003f31dc, type: 3}
  m_Name: b
  m_EditorClassIdentifier: 
  body: {fileID: -4793109677742701980}
  direction: 2
  maxConnectionCount: 1
  styleID: Float
  _connections:
  - {fileID: -7772775049498782216}
  - {fileID: -2368058516341371035}
  side: 2
  sidePosition: 125
  sideOffset: 0
--- !u!114 &11400000
MonoBehaviour:
  m_ObjectHideFlags: 0
  m_CorrespondingSourceObject: {fileID: 0}
  m_PrefabInstance: {fileID: 0}
  m_PrefabAsset: {fileID: 0}
  m_GameObject: {fileID: 0}
  m_Enabled: 1
  m_EditorHideFlags: 0
  m_Script: {fileID: 11500000, guid: 3a9396c92b94b064883de5903a0ec1b2, type: 3}
  m_Name: EmptyCanvas
  m_EditorClassIdentifier: 
  editorStates:
  - {fileID: -5181318647316710993}
  saveName: Assets\Node_Editor\Resources\Saves\EmptyCanvas
  savePath: Assets\Node_Editor\Resources\Saves\EmptyCanvas.asset
  livesInScene: 0
  nodes:
  - {fileID: -4793109677742701980}
  - {fileID: 3713673872304949757}
  cNodes: []
  groups: []
  rootNode: {fileID: 0}
--- !u!114 &3713673872304949757
MonoBehaviour:
  m_ObjectHideFlags: 1
  m_CorrespondingSourceObject: {fileID: 0}
  m_PrefabInstance: {fileID: 0}
  m_PrefabAsset: {fileID: 0}
  m_GameObject: {fileID: 0}
  m_Enabled: 1
  m_EditorHideFlags: 0
  m_Script: {fileID: 11500000, guid: 5aa6fbb4e9c15c8439dc8a72d04446d1, type: 3}
  m_Name: turbina
  m_EditorClassIdentifier: 
  canvas: {fileID: 0}
  position: {x: 294.00006, y: -58.600006}
  dynamicConnectionPorts:
  - {fileID: -7772775049498782216}
  - {fileID: -2368058516341371035}
  backgroundColor: {r: 2, g: 2, b: 2, a: 1}
  mainColor: {r: 1, g: 1, b: 1, a: 1}
  parameters:
  - Name: d
    Type: 0
    Description: 
    DefaultValue: 0
    Value: 0
    UnitOfMeasure: 
    ChemicalComposition: 
    PhysicalState: 
  - Name: e
    Type: 0
    Description: 
    DefaultValue: 0
    Value: 0
    UnitOfMeasure: 
    ChemicalComposition: 
    PhysicalState: 
  FilePath: D:/Unity Projects/nodelabvr/Assets/EmptyCanvas/Nodeturbina.txt
  nodeColor: {r: 1, g: 1, b: 1, a: 1}
  selectedIcon: 0
--- !u!114 &4081050445299469186
MonoBehaviour:
  m_ObjectHideFlags: 1
  m_CorrespondingSourceObject: {fileID: 0}
  m_PrefabInstance: {fileID: 0}
  m_PrefabAsset: {fileID: 0}
  m_GameObject: {fileID: 0}
  m_Enabled: 1
  m_EditorHideFlags: 0
  m_Script: {fileID: 11500000, guid: 017e2c7fd038ecb46b317c1e003f31dc, type: 3}
  m_Name: c
  m_EditorClassIdentifier: 
  body: {fileID: -4793109677742701980}
  direction: 0
  maxConnectionCount: 0
  styleID: Float
  _connections: []
  side: 2
  sidePosition: 169
  sideOffset: 0
