%YAML 1.1
%TAG !u! tag:unity3d.com,2011:
--- !u!114 &-2049334392517255345
MonoBehaviour:
  m_ObjectHideFlags: 1
  m_CorrespondingSourceObject: {fileID: 0}
  m_PrefabInstance: {fileID: 0}
  m_PrefabAsset: {fileID: 0}
  m_GameObject: {fileID: 0}
  m_Enabled: 1
  m_EditorHideFlags: 0
  m_Script: {fileID: 11500000, guid: 5aa6fbb4e9c15c8439dc8a72d04446d1, type: 3}
  m_Name: Bruciatore
  m_EditorClassIdentifier: 
  canvas: {fileID: 0}
  position: {x: 366.5, y: 203.35777}
  dynamicConnectionPorts:
  - {fileID: 917837628057993578}
  - {fileID: 5977731159294497699}
  - {fileID: 8407842855690267215}
  backgroundColor: {r: 2, g: 2, b: 2, a: 1}
  mainColor: {r: 1, g: 1, b: 1, a: 1}
  parameters:
  - Name: g3
    Type: 0
    Description: 
    DefaultValue: 0
    Value: 0
    UnitOfMeasure: 
    ChemicalComposition: 
    PhysicalState: 
  - Name: g4
    Type: 0
    Description: 
    DefaultValue: 0
    Value: 0
    UnitOfMeasure: 
    ChemicalComposition: 
    PhysicalState: 
  - Name: b1
    Type: 1
    Description: 
    DefaultValue: 0
    Value: 0
    UnitOfMeasure: 
    ChemicalComposition: 
    PhysicalState: 
  FilePath: D:/Unity Projects/nodelabvr/Assets/TestCanvas/NodeBruciatore.txt
  nodeColor: {r: 1, g: 1, b: 1, a: 1}
  selectedIcon: 0
--- !u!114 &-580338239740664251
MonoBehaviour:
  m_ObjectHideFlags: 1
  m_CorrespondingSourceObject: {fileID: 0}
  m_PrefabInstance: {fileID: 0}
  m_PrefabAsset: {fileID: 0}
  m_GameObject: {fileID: 0}
  m_Enabled: 1
  m_EditorHideFlags: 0
  m_Script: {fileID: 11500000, guid: 5aa6fbb4e9c15c8439dc8a72d04446d1, type: 3}
  m_Name: Compressore
  m_EditorClassIdentifier: 
  canvas: {fileID: 0}
  position: {x: 33.4, y: 192.2}
  dynamicConnectionPorts:
  - {fileID: 538172283258338832}
  - {fileID: 7607884705873270459}
  - {fileID: 2767458379002535751}
  backgroundColor: {r: 0.5, g: 0.5, b: 0.5, a: 1}
  mainColor: {r: 1, g: 1, b: 1, a: 1}
  parameters:
  - Name: g1
    Type: 0
    Description: 
    DefaultValue: 0
    Value: 0
    UnitOfMeasure: 
    ChemicalComposition: 
    PhysicalState: 
  - Name: g2
    Type: 1
    Description: 
    DefaultValue: 0
    Value: 0
    UnitOfMeasure: 
    ChemicalComposition: 
    PhysicalState: 
  - Name: wp
    Type: 2
    Description: 
    DefaultValue: 10
    Value: 0
    UnitOfMeasure: kg
    ChemicalComposition: 
    PhysicalState: 
  FilePath: D:/Unity Projects/nodelabvr/Assets/TestCanvas/NodeCompressore.txt
  nodeColor: {r: 1, g: 1, b: 1, a: 1}
  selectedIcon: 0
--- !u!114 &11400000
MonoBehaviour:
  m_ObjectHideFlags: 0
  m_CorrespondingSourceObject: {fileID: 0}
  m_PrefabInstance: {fileID: 0}
  m_PrefabAsset: {fileID: 0}
  m_GameObject: {fileID: 0}
  m_Enabled: 1
  m_EditorHideFlags: 0
  m_Script: {fileID: 11500000, guid: 3a9396c92b94b064883de5903a0ec1b2, type: 3}
  m_Name: TestCanvas
  m_EditorClassIdentifier: 
  editorStates:
  - {fileID: 8114987328120982063}
  saveName: Assets\Node_Editor\Resources\Saves\TestCanvas
  savePath: Assets\Node_Editor\Resources\Saves\TestCanvas.asset
  livesInScene: 0
  nodes:
  - {fileID: -580338239740664251}
  - {fileID: -2049334392517255345}
  cNodes: []
  groups: []
  rootNode: {fileID: 0}
--- !u!114 &538172283258338832
MonoBehaviour:
  m_ObjectHideFlags: 1
  m_CorrespondingSourceObject: {fileID: 0}
  m_PrefabInstance: {fileID: 0}
  m_PrefabAsset: {fileID: 0}
  m_GameObject: {fileID: 0}
  m_Enabled: 1
  m_EditorHideFlags: 0
  m_Script: {fileID: 11500000, guid: 017e2c7fd038ecb46b317c1e003f31dc, type: 3}
  m_Name: g1
  m_EditorClassIdentifier: 
  body: {fileID: -580338239740664251}
  direction: 1
  maxConnectionCount: 0
  styleID: Float
  _connections: []
  side: 4
  sidePosition: 103
  sideOffset: 0
--- !u!114 &917837628057993578
MonoBehaviour:
  m_ObjectHideFlags: 1
  m_CorrespondingSourceObject: {fileID: 0}
  m_PrefabInstance: {fileID: 0}
  m_PrefabAsset: {fileID: 0}
  m_GameObject: {fileID: 0}
  m_Enabled: 1
  m_EditorHideFlags: 0
  m_Script: {fileID: 11500000, guid: 017e2c7fd038ecb46b317c1e003f31dc, type: 3}
  m_Name: g3
  m_EditorClassIdentifier: 
  body: {fileID: -2049334392517255345}
  direction: 1
  maxConnectionCount: 0
  styleID: Float
  _connections:
  - {fileID: 7607884705873270459}
  side: 4
  sidePosition: 103
  sideOffset: 0
--- !u!114 &2767458379002535751
MonoBehaviour:
  m_ObjectHideFlags: 1
  m_CorrespondingSourceObject: {fileID: 0}
  m_PrefabInstance: {fileID: 0}
  m_PrefabAsset: {fileID: 0}
  m_GameObject: {fileID: 0}
  m_Enabled: 1
  m_EditorHideFlags: 0
  m_Script: {fileID: 11500000, guid: 017e2c7fd038ecb46b317c1e003f31dc, type: 3}
  m_Name: wp
  m_EditorClassIdentifier: 
  body: {fileID: -580338239740664251}
  direction: 0
  maxConnectionCount: 0
  styleID: Float
  _connections: []
  side: 2
  sidePosition: 169
  sideOffset: 0
--- !u!114 &5977731159294497699
MonoBehaviour:
  m_ObjectHideFlags: 1
  m_CorrespondingSourceObject: {fileID: 0}
  m_PrefabInstance: {fileID: 0}
  m_PrefabAsset: {fileID: 0}
  m_GameObject: {fileID: 0}
  m_Enabled: 1
  m_EditorHideFlags: 0
  m_Script: {fileID: 11500000, guid: 017e2c7fd038ecb46b317c1e003f31dc, type: 3}
  m_Name: g4
  m_EditorClassIdentifier: 
  body: {fileID: -2049334392517255345}
  direction: 1
  maxConnectionCount: 0
  styleID: Float
  _connections:
  - {fileID: 7607884705873270459}
  side: 4
  sidePosition: 125
  sideOffset: 0
--- !u!114 &7607884705873270459
MonoBehaviour:
  m_ObjectHideFlags: 1
  m_CorrespondingSourceObject: {fileID: 0}
  m_PrefabInstance: {fileID: 0}
  m_PrefabAsset: {fileID: 0}
  m_GameObject: {fileID: 0}
  m_Enabled: 1
  m_EditorHideFlags: 0
  m_Script: {fileID: 11500000, guid: 017e2c7fd038ecb46b317c1e003f31dc, type: 3}
  m_Name: g2
  m_EditorClassIdentifier: 
  body: {fileID: -580338239740664251}
  direction: 2
  maxConnectionCount: 1
  styleID: Float
  _connections:
  - {fileID: 917837628057993578}
  - {fileID: 5977731159294497699}
  side: 2
  sidePosition: 125
  sideOffset: 0
--- !u!114 &8114987328120982063
MonoBehaviour:
  m_ObjectHideFlags: 1
  m_CorrespondingSourceObject: {fileID: 0}
  m_PrefabInstance: {fileID: 0}
  m_PrefabAsset: {fileID: 0}
  m_GameObject: {fileID: 0}
  m_Enabled: 1
  m_EditorHideFlags: 0
  m_Script: {fileID: 11500000, guid: f6ab6487237ff124ea4c2aa5de9ce3fb, type: 3}
  m_Name: MainEditorState
  m_EditorClassIdentifier: 
  canvas: {fileID: 0}
  parentEditor: {fileID: 0}
  selectedNode: {fileID: 0}
  panOffset: {x: -317.19998, y: -356.0578}
  zoom: 0.8
--- !u!114 &8407842855690267215
MonoBehaviour:
  m_ObjectHideFlags: 1
  m_CorrespondingSourceObject: {fileID: 0}
  m_PrefabInstance: {fileID: 0}
  m_PrefabAsset: {fileID: 0}
  m_GameObject: {fileID: 0}
  m_Enabled: 1
  m_EditorHideFlags: 0
  m_Script: {fileID: 11500000, guid: 017e2c7fd038ecb46b317c1e003f31dc, type: 3}
  m_Name: b1
  m_EditorClassIdentifier: 
  body: {fileID: -2049334392517255345}
  direction: 2
  maxConnectionCount: 1
  styleID: Float
  _connections: []
  side: 2
  sidePosition: 147
  sideOffset: 0
